@article{elpa_marek_2014,
author={A Marek and V Blum and R Johanni and V Havu and B Lang and T Auckenthaler and A Heinecke and H J Bungartz and H Lederer},
title={The {ELPA} library: Scalable parallel eigenvalue solutions for electronic structure theory and computational science},
journal={Journal of Physics: Condensed Matter},
volume={26},
pages={213201},
year={2014}
}

@article{elpa_auckenthaler_2011,
title={Parallel solution of partial symmetric eigenvalue problems from electronic structure calculations},
journal={Parallel Computing},
volume={37},
pages={783-794},
year={2011},
author={T Auckenthaler and V Blum and H J Bungartz and T Huckle and R Johanni and L Kramer and B Lang and H Lederer and P R Willems}
}

@article{libomm_corsetti_2014,
title={The orbital minimization method for electronic structure calculations with finite-range atomic basis sets},
journal={Computer Physics Communications},
volume={185},
pages={873-883},
year={2014},
author={Fabiano Corsetti}
}

@article{pexsi_lin_2013,
author={Lin Lin and Mohan Chen and Chao Yang and Lixin He},
title={Accelerating atomic orbital-based electronic structure calculation via pole expansion and selected inversion},
journal={Journal of Physics: Condensed Matter},
volume={25},
pages={295501},
year={2013}
}

@article{pexsi_lin_2009,
author={Lin Lin and Jianfeng Lu and Lexing Ying and Roberto Car and Weinan E},
title={Fast algorithm for extracting the diagonal of the inverse matrix with application to the electronic structure analysis of metallic systems},
journal={Communications in Mathematical Sciences},
volume={7},
pages={755-777},
year={2009}
}

@article{sips_campos_2012,
author={Carmen Campos and Jose E Roman},
title={Strategies for spectrum slicing based on restarted {Lanczos} methods},
journal={Numerical Algorithms},
volume={60},
pages={279-295},
year={2012}
}

@article{sips_keceli_2016,
author={Murat Ke\c{c}eli and Hong Zhang and Peter Zapol and David A Dixon and Albert F Wagner},
title={Shift-and-invert parallel spectral transformation eigensolver: Massively parallel performance for density-functional based tight-binding},
journal={Journal of Computational Chemistry},
volume={37},
pages={448-459},
year={2016}
}

@article{fhiaims_blum_2009,
title={Ab initio molecular simulations with numeric atom-centered orbitals},
author={Volker Blum and Ralf Gehrke and Felix Hanke and Paula Havu and Ville Havu and Xinguo Ren and Karsten Reuter and Matthias Scheffler},
journal={Computer Physics Communications},
volume={180},
pages={2175-2196},
year={2009}
}

@article{dgdft_hu_2015,
title={{DGDFT}: A massively parallel method for large scale density functional theory calculations},
author={Wei Hu and Lin Lin and Chao Yang},
journal={The Journal of Chemical Physics},
volume={143},
pages={124110},
year={2015}
}

@article{pselinv_jacquelin_2016,
author={Mathias Jacquelin and Lin Lin and Chao Yang},
title={{PSelInv} - {A} distributed memory parallel algorithm for selected inversion: The symmetric case},
journal={ACM Transactions on Mathematical Software},
volume={43},
pages={21},
year={2016}
}

@article{siesta_soler_2002,
author={Jos{\'e} M Soler and Emilio Artacho and Julian D Gale and Alberto Garc\'{\i}a and Javier Junquera and Pablo Ordej{\'o}n and Daniel S{\'a}nchez-Portal},
title={The {SIESTA} method for ab initio order-{N} materials simulation},
journal={Journal of Physics: Condensed Matter},
volume={14},
pages={2745-2779},
year={2002}
}

@book{lapack_anderson_1999,
title={{LAPACK} users' guide},
author={E Anderson and Z Bai and C Bischof and L S Blackford and J Demmel and J Dongarra and J Du Croz and A Greenbaum and S Hammarling and A McKenney and D Sorensen},
year={1999},
publisher={SIAM}
}

@article{pexsi_lin_2014,
author={L Lin and A Garc\'{\i}a and G Huhs and C Yang},
title={{SIESTA-PEXSI}: Massively parallel method for efficient and accurate ab initio materials simulation without matrix diagonalization},
journal={Journal of Physics: Condensed Matter},
year={2014},
volume={26},
pages={305503}
}

@article{pexsi_jia_2017,
author={Weile Jia and Lin Lin},
title={Robust determination of the chemical potential in the pole expansion and selected inversion method for solving {Kohn-Sham} density functional theory},
journal={The Journal of Chemical Physics},
volume={147},
pages={144107},
year={2017}
}

@article{slepc_hernandez_2005,
author={Vicente Hernandez and Jose E Roman and Vicente Vidal},
title={{SLEPc}: A scalable and flexible toolkit for the solution of eigenvalue problems},
journal={ACM Transactions on Mathematical Software},
volume={31},
pages={351-362},
year={2005}
}

@article{dftb_aradi_2007,
title={{DFTB+}, a sparse matrix-based implementation of the {DFTB} method},
author={B Aradi and B Hourahine and Th Frauenheim},
journal={The Journal of Physical Chemistry A},
volume={111},
pages={5678-5684},
year={2007}
}

@article{ntpoly_dawson_2018,
title={Massively parallel sparse matrix function calculations with {NTPoly}},
journal={Computer Physics Communications},
volume={225},
pages={154-165},
year={2018},
author={William Dawson and Takahito Nakajima}
}

@article{purification_palser_1998,
title={Canonical purification of the density matrix in electronic-structure theory},
author={Adam H R Palser and David E Manolopoulos},
journal={Physical Review B},
volume={58},
pages={12704-12711},
year={1998}
}

@article{purification_niklasson_2002,
author={A M N Niklasson},
title={Expansion algorithm for the density matrix},
journal={Physical Review B},
volume={66},
pages={155115},
year={2002}
}

@article{purification_truflandier_2016,
author={Lionel A Truflandier and Rivo M Dianzinga and David R Bowler},
title={Communication: Generalized canonical purification for density matrix minimization},
journal={The Journal of Chemical Physics},
volume={144},
pages={091102},
year={2016}
}

@article{elsi_yu_2018,
author={V Yu and F Corsetti and A Garc\'{i}a and W P Huhn and M Jacquelin and W Jia and B Lange and L Lin and J Lu and W Mi and A Seifitokaldani and \'{A} V\'{a}zquez-Mayagoitia and C Yang and H Yang and V Blum},
title={{ELSI}: A unified software interface for {Kohn-Sham} electronic structure solvers},
journal={Computer Physics Communications},
volume ={222},
pages={267-285},
year={2018}
}

@InProceedings{elpa_kus_2019a,
author={Pavel K{\r{u}}s and Hermann Lederer and Andreas Marek},
title={{GPU} optimization of large-scale eigenvalue solver},
booktitle={Numerical Mathematics and Advanced Applications ENUMATH 2017},
year={2019},
publisher={Springer International Publishing},
pages={123-131}
}

@article{elpa_kus_2019b,
title={Optimizations of the eigensolvers in the {ELPA} library},
author={P K\r{u}s and A Marek and SS Koecher and H-H Kowalski and Christian Carbogno and Ch Scheurer and Karsten Reuter and Matthias Scheffler and H Lederer},
journal={Parallel Computing},
volume={85},
pages={167-177},
year={2019}
}

@article{sips_keceli_2018,
author={Murat Ke\c{c}eli and Fabiano Corsetti and Carmen Campos and Jose E Roman and Hong Zhang and \'{A}lvaro V\'{a}zquez-Mayagoitia and Peter Zapol and Albert F Wagner},
title={{SIESTA-SIPs}: Massively parallel spectrum-slicing eigensolver for an ab initio molecular dynamics package},
journal={Journal of Computational Chemistry},
volume={39},
pages={1806-1814},
year={2018}
}

@article{magma_tomov_2010,
title={Towards dense linear algebra for hybrid {GPU} accelerated manycore systems},
author={Stanimire Tomov and Jack Dongarra and Marc Baboulin},
journal={Parallel Computing},
pages={232-240},
volume={36},
year={2010}
}

@incollection{magma_dongarra_2014,
title={Accelerating numerical dense linear algebra calculations with {GPUs}},
author={Jack Dongarra and Mark Gates and Azzam Haidar and Jakub Kurzak and Piotr Luszczek and Stanimire Tomov and Ichitaro Yamazaki},
booktitle={Numerical Computations with GPUs},
pages={3-28},
year={2014},
publisher={Springer}
}

@article{eigenexa_imamura_2011,
author={Toshiyuki Imamura and Susumu Yamada and Masahiko Machida},
title={Development of a high-performance eigensolver on a peta-scale next-generation supercomputer system},
year={2011},
journal={Progress in Nuclear Science and Technology},
volumn={2},
pages={643-650}
}

@InProceedings{eigenexa_fukaya_2015,
author={T Fukaya and T Imamura},
title={Performance evaluation of the {EigenExa} eigensolver on {Oakleaf-FX}: Tridiagonalization versus pentadiagonalization},
year={2015},
booktitle={IEEE International Parallel and Distributed Processing Symposium Workshop},
pages={960-969}
}

@article{pole_moussa_2016,
author={Jonathan E Moussa},
title={Minimax rational approximation of the {Fermi-Dirac} distribution},
journal={The Journal of Chemical Physics},
volume={145},
year={2016},
pages={164108}
}

@article{bsepack_shao_2016,
title={Structure preserving parallel algorithms for solving the {Bethe-Salpeter} eigenvalue problem},
author={Meiyue Shao and H Felipe and Chao Yang and Jack Deslippe and Steven G Louie},
journal={Linear Algebra and its Applications},
volume={488},
pages={148-167},
year={2016}
}
